
@book{montgomery2012,
  title={Introduction to linear regression analysis},
  author={Montgomery, Douglas C and Peck, Elizabeth A and Vining, G Geoffrey},
  year={2012},
  publisher={John Wiley \& Sons}
}

@book{charnet,
  title={An{\'a}lise de modelos de regress{\~a}o linear com aplica{\c{c}}{\~o}es},
  author={Charnet, Reinaldo and Freire, Clarice A de L and Charnet, Eug{\^e}nia M R and Bonvino, Heloisa},
  year={2008},
  publisher={Editora da Unicamp}
}

